<?xml version="1.0" encoding="UTF-8"?><record xmlns="http://www.loc.gov/MARC21/slim" xmlns:cinclude="http://apache.org/cocoon/include/1.0" xmlns:zs="http://www.loc.gov/zing/srw/">
  <leader>00357cz  a2200121n  4500</leader>
  <controlfield tag="001">n  88094201 </controlfield>
  <controlfield tag="003">DLC</controlfield>
  <controlfield tag="005">20011212160218.0</controlfield>
  <controlfield tag="008">880609n| acannaab           |n ana      </controlfield>
  <datafield tag="010" ind1=" " ind2=" ">
    <subfield code="a">n  88094201 </subfield>
  </datafield>
  <datafield tag="040" ind1=" " ind2=" ">
    <subfield code="a">CU-S</subfield>
    <subfield code="c">DLC</subfield>
    <subfield code="d">DLC</subfield>
  </datafield>
  <datafield tag="110" ind1="2" ind2=" ">
    <subfield code="a">Old Stile Press</subfield>
  </datafield>
  <datafield tag="670" ind1=" " ind2=" ">
    <subfield code="a">Buchanan, R. The ballad of Judas Iscariot, 1982:</subfield>
    <subfield code="b">t.p. (The Old Stile Press) verso of t.p. (London)</subfield>
  </datafield>
</record>